@article{okada2020,
  title   = {{視覚と行動のend-to-end学習により経路追従行動を
  オンラインで模倣する手法の提案}},
  author  = {岡田眞也，清岡優祐，上田隆一，林原靖男},
  publisher ={計測自動制御学会},
  journal = {計測自動制御学会SI部門講演会SICE-SI2020 予稿集},
  year    = {2020},
  pages   = {1147-1152}
}
@article{okada2021,
  title   = {{視覚と行動のend-to-end学習により経路追従行動を
  オンラインで模倣する手法の提案 -経路追従行動の修正のためにデータセットを動的に追加する手法の検討-}},
  author  = {岡田眞也，清岡優祐，春山健太，上田隆一，林原靖男},
  publisher ={計測自動制御学会},
  journal = {計測自動制御学会SI部門講演会SICE-SI2021 予稿集},
  year    = {2021},
  pages   = {1066-1070}
}
@article{haruyama2022,
  title={視覚と行動のend-to-end学習により経路追従行動をオンラインで模倣する手法の提案
  ー経路選択機能の追加ー},
  author={春山健太 and 藤原柾 and 清岡優祐 and 岡田眞也 and 上田隆一 and 林原靖男},
  journal={日本機械学会ロボティクス・メカトロニクス講演会'22予稿集},
  pages={2P2-L05},
  year={2022}
}
@article{fujiwara2023,
  title   = {{視覚と行動のend-to-end 学習により経路追従行動をオンラインで模倣する手法の提案
  ー実環境における経路選択機能の検証と学習時間の短縮化の検討ー}},
  author  = {藤原柾 and 春山健太 and 馬場琉生 and 上田隆一 and 林原靖男},
  journal = {日本機械学会ロボティクス・メカトロニクス講演会'23予稿集},
  year    = {2023},
  pages ={2P2-G06}
}
@article{shimada2020,
  title   = {{トポロジカルマップを用いたシナリオによるナビゲーションの提案 
  ーシナリオに基づく実ロボットのナビゲーションー}},
  author  = {島田滉己 et al.},
  publisher = {計測自動制御学会},
  journal = {計測自動制御学会SI部門講演会SICE2020 予稿集},
  year    = {2020},
  pages   = {1H2-04}
}
@article{haruyama2023,
  title   = {{視覚と行動の end-to-end 学習により経路追従行動をオンラインで模倣する手法の提案
  -トポロジカルマップとシナリオに基づく経路選択機能の追加と検討-}},
  author  = {春山健太 et al.},
  publisher = {計測自動制御学会},
  journal = {計測自動制御学会SI部門講演会SICE2023 予稿集},
  year    = {2023},
  pages   = {1B4-03}
}
@misc{shah2022lmnav,
      title={LM-Nav: Robotic Navigation with Large Pre-Trained Models of Language, Vision, and Action}, 
      author={Dhruv Shah and Blazej Osinski and Brian Ichter and Sergey Levine},
      year={2022},
      eprint={2207.04429},
      archivePrefix={arXiv},
      primaryClass={cs.RO}
}
@INPROCEEDINGS{miyamoto,
  author={Miyamoto, Ryusuke and Nakamura, Yuta and Adachi, Miho and Nakajima, Takeshi and Ishida, Hiroki and Kojima, Kazuya and Aoki, Risako and Oki, Takuro and Kobayashi, Shingo},
  booktitle={2019 IEEE 9th International Conference on Consumer Electronics (ICCE-Berlin)}, 
  title={Vision-Based Road-Following Using Results of Semantic Segmentation for Autonomous Navigation}, 
  year={2019},
  volume={},
  number={},
  pages={174-179},
  doi={10.1109/ICCE-Berlin47944.2019.8966198}}
@misc{ros,
author = {ROS},
howpublished = {\url{https://wiki.ros.org/}},
month = {},
year = {},
note = {(Accessed on 12/29/2022)}
}
@misc{torch,
title = {pytorch},
howpublished = {\url{https://pytorch.org/}},
month = {},
year = {},
note = {(Accessed on 12/29/2022)}
}
@misc{torcheval,
author = {pytorch},
title = {torcheval},
howpublished = {\url{https://github.com/pytorch/torcheval.git}},
month = {},
year = {},
note = {(Accessed on 12/29/2022)}
}
@misc{orne_nav,
author = {open-rdc},
title = {orne\_navigation},
howpublished = {\url{https://github.com/open-rdc/orne_navigation.git}},
month = {},
year = {},
note = {(Accessed on 12/29/2022)}
}
@misc{icart,
author = {t frog},
title = {icart\_mini},
howpublished = {\url{https://t-frog.com/products/icart_mini/}},
month = {},
year = {},
note = {(Accessed on 12/29/2022)}
}

@inproceedings{2004ConditionalRF,
  title={Conditional Random Fieldsを用いた日本語形態素解析},
  author={拓 工藤 and 薫子 山本 and 裕治 松本},
  year={2004},
  url={https://api.semanticscholar.org/CorpusID:118480919}
}